@ARTICLE{7398117, author={N. {Neophytou} and H. {Karamitaheri}}, journal={IEEE Transactions on Nanotechnology}, title={Phonon Transport Simulations in Low-Dimensional Disordered Graphene Nanoribbons}, year={2016}, volume={15}, number={3}, pages={339-347},}

